@BOOK{Baeza-Yates:1999:MIR:553876,
	title = {Modern Information Retrieval},
	author = {R. Baeza-Yates and B. Ribeiro-Neto},
	publisher = {Addison-Wesley Longman Publishing Co., Inc.},
	year = {1999}
} 

@BOOK{Manning:2008:IIR:1394399,
	title = {Introduction to Information Retrieval},
	author = {C. D. Manning and P. Raghavan and H. Sch\"{u}tze},
	publisher = {Cambridge University Press},
	year = {2008}
}

@BOOK{Gossett:2009:DMP:1717238,
	title = {Discrete Mathematics with Proof},
	author = {E. Gossett},
	publisher = {Wiley Publishing},
	year = {2009}
}

@BOOK{opac-b1087461,
	title = {Finding groups in data : an introduction to cluster analysis},
	author = {L. Kaufman and P. J. Rousseeuw},
	publisher = {Wiley},
	year = {1990}
}

@BOOK{tabuSearch,
	title = {Tabu Search},
	author = {F. Glover and M. Laguna},
	publisher = {Kluwer Academic Publishers},
	year = {1997}
}

@INPROCEEDINGS{BasuRoy:2010:CEC:1807167.1807258,
	title = {Constructing and Exploring Composite Items},
	author = {S. Basu Roy and S. Amer-Yahia and A. Chawla and G. Das and C. Yu},
	publisher = {ACM},
	url = {http://doi.acm.org/10.1145/1807167.1807258},
	year = {2010},
	booktitle = {Proceedings of the 2010 ACM SIGMOD International Conference on Management of Data},
	pages = {843--854}
}

@INPROCEEDINGS{Xie:2010:BOB:1864708.1864739,
	title = {Breaking out of the Box of Recommendations: From Items to Packages},
	author = {M. Xie and L. V. S. Lakshmanan and P. T. Wood},
	publisher = {ACM},
	url = {http://doi.acm.org/10.1145/1864708.1864739},
	year = {2010},
	booktitle = {Proceedings of the Fourth ACM Conference on Recommender Systems},
	pages = {151--158}
}

@INPROCEEDINGS{DBLP:conf/coco/Karp72,
	title     = {Reducibility Among Combinatorial Problems},
	author    = {R. M. Karp},
	publisher = {Springer, Boston, MA},
	url       = {http://www.cs.berkeley.edu/~luca/cs172/karp.pdf},
	year      = {1972},
	booktitle = {Complexity of Computer Computations},
	pages     = {85--103}
}

@INPROCEEDINGS{7833376,
	title = {New algorithms for composite retrieval},
	author = {E. Feuerstein and J. A. Knebel and I. Méndez-Díaz and A. Stein and P. Zabala}, 
	publisher = {IEEE},
	url = {http://ieeexplore.ieee.org/document/7833376/},
	year={2016},
	booktitle={2016 XLII Latin American Computing Conference (CLEI)},
	pages={1--9}
}

@MISC{url:carrot,
	title = {Carrot},
	author = {D. Weiss and S. Osinski},
	url = {http://search.carrot2.org/stable/search},
	year = {2004}
}

@MISC{url:internetUsers,
	title = {Internet Users},
	author = {Internet Live Stats},
	url = {http://www.internetlivestats.com/internet-users/},
	year = {2016}
}

@ARTICLE{Zobel:2006:IFT:1132956.1132959,
	title = {Inverted Files for Text Search Engines},
	author = {J. Zobel and A. Moffat},
	journal = {ACM Comput. Surv.},
	url = {http://doi.acm.org/10.1145/1132956.1132959},
	year = {2006},
	pages = {1-56}
}

@ARTICLE{journals/tkde/Amer-YahiaBCFMZ14,
	title = {Composite Retrieval of Diverse and Complementary Bundles},
	author = {S. Amer-Yahia and F. Bonchi and C. Castillo and E. Feuerstein and I. Méndez-Díaz and P. Zabala},
	journal = {IEEE Trans. Knowl. Data Eng},
	url = {http://dblp.uni-trier.de/db/journals/tkde/tkde26.html#Amer-YahiaBCFMZ14},
	year = {2014},
	pages = {2662-2675}
}

%sacarlo
@ARTICLE{Zhang:2002:ESI:638644.638646,
	title = {An Experimental Study on the Iso-content-based Angle Similarity Measure},
	author = {J. Zhang and E.M. Rasmussen},
	journal = {Inf. Process. Manage},
	url = {http://dx.doi.org/10.1016/S0306-4573(01)00035-8},
	year = {2002},
	pages = {325--342}
}

@ARTICLE{DBLP:journals/algorithmica/FeigePK01,
	title     = {The Dense \emph{k}-Subgraph Problem},
	author    = {U. Feige and G. Kortsarz and D. Peleg},
	journal   = {Algorithmica},
	url       = {http://dx.doi.org/10.1007/s004530010050},
	year      = {2001},
	pages     = {410--421}
}

@ARTICLE{forgy65,
	title = {Cluster Analysis of Multivariate Data: Efficiency versus Interpretability of Classification},
	author = {E. Forgy},
	journal = {Biometrics},
	year = {1956},
	pages = {768-769}
}

@ARTICLE{Brin:1998:ALH:297810.297827,
	title = {The Anatomy of a Large-scale Hypertextual Web Search Engine},
	author = {S. Brin and L. Page},
	journal = {Comput. Netw. ISDN Syst},
	url = {http://dx.doi.org/10.1016/S0169-7552(98)00110-X},
	year = {1998},
	pages = {107--117}
}

@ARTICLE{Kleinberg:1999:ASH:324133.324140,
	title = {Authoritative Sources in a Hyperlinked Environment},
	author = {J. M. Kleinberg},
	journal = {J. ACM},
	url = {http://doi.acm.org/10.1145/324133.324140},
	year = {1999},
	pages = {604--632}
}

@ARTICLE{Estivill-Castro:2002:WSM:568574.568575,
	title = {Why So Many Clustering Algorithms: A Position Paper},
	author = {V. Estivill-Castro},
	journal = {SIGKDD Explor. Newsl},
	url = {http://doi.acm.org/10.1145/568574.568575},
	year = {2002},
	pages = {65--75}
}

@ARTICLE{finding_maximum_density_subgraph,
	title = {Finding a maximum density subgraph},
	author = {A. V. Goldberg},
	publisher = {University of California Berkeley},
	url = {https://www2.eecs.berkeley.edu/Pubs/TechRpts/1984/CSD-84-171.pdf},
	year = {1984}
}
	
@ARTICLE{dataDrive,
	title ={A Data-Driven Journey through Software Engineering Research},
	author = {C. Ghezzi and G. Ghezzi and P. Lanzi and M. Sangiorgio and G. Tamburrelli},
	publisher = {IEEE},
	year = {2013}
}