@ARTICLE{compositeRetrival,
	AUTHOR = "Sihem Amer-Yahia, Francesco Bonchi, Carlos Castillo, Esteban Feuerstein, Isabel Mendez-Diaz, Paula Zabala",
	TITLE = "Composite Retrieval of Diverse and Complementary Bundles",
	YEAR = "2013",
	PUBLISHER = "aca poner la edición"
	}
	
@ARTICLE{informationRetrival,
	AUTHOR = "Christopher D. Manning, Prabhakar Raghavan, Hinrich Schütze",
	TITLE = "An Introduction to Information Retrieval",
	YEAR = "2009",
	ADDRESS = "Cambridge, England",
	PUBLISHER = "Cambridge University Press"
	}
	
	
@ARTICLE{dataDrive,
	AUTHOR = "Carlo Ghezzi, Giacomo Ghezzi, Pierluca Lanzi, Mario Sangiorgio and Giordano Tamburrelli",
	TITLE ="A Data-Driven Journey through Software Engineering Research",
	YEAR = "xxxx",
	ADDRESS = "Aca poner lugar",
	PUBLISHER = "aca poner la edición"
	}
	
	
@ARTICLE{newSimilarity
	AUTHOR = "Jin Zhang, Edie M. Rasmussen",
	TITLE = "Developing a new similarity measure from two different perspectives",
	YEAR = "2000",
	ADDRESS = "lugar",
	PUBLISHER = "edicion"
}
	
@ARTICLE{SubgraphProblem
	AUTHOR = "U. Feige, G. Kortsarz, D. Peleg",
	TITLE = "The Dense k-Subgraph Problem",
	YEAR = "1999",
	ADDRESS = "lugar",
	PUBLISHER = "edicion"
	}
	
@ARTICLE{ChallengesClusteringHighDimensionalData
	AUTHOR = "Michael Steinbach, Levent Ertöz, and Vipin Kumar",
	TITLE = "The Challenges of Clustering High Dimensional Data",
	YEAR = "2004",
	ADDRESS = "lugar",
	PUBLISHER = "edicion"
	}
	